@misc{lin2025improvedscalinglawslinear,
      title={Improved Scaling Laws in Linear Regression via Data Reuse}, 
      author={Licong Lin and Jingfeng Wu and Peter L. Bartlett},
      year={2025},
      eprint={2506.08415},
      archivePrefix={arXiv},
}

@misc{wu2025large,
      title={Large Stepsizes Accelerate Gradient Descent for Regularized Logistic Regression}, 
      author={Jingfeng Wu and Pierre Marion and Peter L. Bartlett},
      year={2025},
      eprint={2506.02336},
      archivePrefix={arXiv},
      author+an = {1=equal; 2=equal}
}

@inproceedings{wu2025benefits,
      title={Benefits of Early Stopping in Gradient Descent for Overparameterized Logistic Regression}, 
      author={Jingfeng Wu and Peter L. Bartlett and Matus Telgarsky and Bin Yu},
      year={2025},
      booktitle = {International Conference on Machine Learning (ICML)},
      author+an = {2=equal; 3=equal; 4=equal}
}

@inproceedings{zhang2025minimax,
      title={Minimax Optimal Convergence of Gradient Descent in Logistic Regression via Large and Adaptive Stepsizes}, 
      author={Ruiqi Zhang and Jingfeng Wu and Licong Lin and Peter L. Bartlett},
      year={2025},
      booktitle = {ICML}
}

@misc{li2025memory,
      title={Memory-Statistics Tradeoff in Continual Learning with Structural Regularization}, 
      author={Haoran Li and Jingfeng Wu and Vladimir Braverman},
      year={2025},
      eprint={2504.04039},
      archivePrefix={arXiv}
}

@inproceedings{cai2025implicit,
      title={Implicit Bias of Gradient Descent for Non-Homogeneous Deep Networks}, 
      author={Yuhang Cai and Kangjie Zhou and Jingfeng Wu and Song Mei and Michael Lindsey and Peter L. Bartlett},
      year={2025},
      booktitle = {ICML},
      author+an = {1=equal; 2=equal}
}

@inproceedings{zhang2025critical,
      title={How Does Critical Batch Size Scale in Pre-training?}, 
      author={Hanlin Zhang and Depen Morwani and Nikhil Vyas and Jingfeng Wu and Difan Zou and Udaya Ghai and Dean P. Foster and Sham M. Kakade},
      booktitle = {International Conference on Learning Representations (ICLR)},
      year={2025}
}

@misc{abedsoltan2024context,
      title={Context-Scaling versus Task-Scaling in In-Context Learning}, 
      author={Amirhesam Abedsoltan and Adityanarayanan Radhakrishnan and Jingfeng Wu and Mikhail Belkin},
      year={2024},
      eprint={2410.12783},
      archivePrefix={arXiv}
}

@inproceedings{cai2024large,
    author    = {Yuhang Cai and Jingfeng Wu and Song Mei and Michael Lindsey and Peter L. Bartlett},
    title     = {Large Stepsize Gradient Descent for Non-Homogeneous Two-Layer Networks: Margin Improvement and Fast Optimization},
    booktitle = {Advances in Neural Information Processing Systems (NeurIPS)},
    year      = {2024}
}

@inproceedings{lin2024scaling,
    author    = {Licong Lin and Jingfeng Wu and Sham M. Kakade and Peter L. Bartlett and Jason D. Lee},
    title     = {Scaling Laws in Linear Regression: Compute, Parameters, and Data},
    booktitle = {NeurIPS},
    year      = {2024}
}

@inproceedings{zhang2024incontext,
    author    = {Ruiqi Zhang and Jingfeng Wu and Peter L. Bartlett},
    title     = {In-Context Learning of a Linear Transformer Block: Benefits of the MLP Component and One-Step GD Initialization},
    booktitle = {NeurIPS},
    year      = {2024}
}

@inproceedings{wu2024large,
    author    = {Wu, Jingfeng and Bartlett, Peter L. and Telgarsky, Matus and Yu, Bin},
    title     = {Large Stepsize Gradient Descent for Logistic Loss: Non-Monotonicity of the Loss Improves Optimization Efficiency},
    booktitle = {Conference on Learning Theory (COLT)},
    year      = {2024},
    author+an = {2=equal; 3=equal; 4=equal}
}

@article{soltoggio2024collective,
    author  = {Soltoggio, Andrea and Ben-Iwhiwhu, Eseoghene and Braverman, Vladimir and {...} and Wu, Jingfeng and others},
    title   = {A collective AI via lifelong learning and sharing at the edge},
    journal = {Nature Machine Intelligence},
    year    = {2024}
}

@inproceedings{wu2024pretraining,
    author    = {Wu, Jingfeng and Zou, Difan and Chen, Zixiang and Braverman, Vladimir and Gu, Quanquan and Bartlett, Peter L.},
    title     = {How Many Pretraining Tasks Are Needed for In-Context Learning of Linear Regression?},
    booktitle = {ICLR},
    year      = {2024}
}

@inproceedings{li2024risk,
    author    = {Li, Xuheng and Deng, Yihe and Wu, Jingfeng and Zhou, Dongruo and Gu, Quanquan},
    title     = {Risk Bounds of Accelerated SGD for Overparameterized Linear Regression},
    booktitle = {ICLR},
    year      = {2024}
}

@inproceedings{wu2023implicit,
    author    = {Wu, Jingfeng and Braverman, Vladimir and Lee, Jason D.},
    title     = {Implicit Bias of Gradient Descent for Logistic Regression at the Edge of Stability},
    booktitle = {NeurIPS},
    year      = {2023}
}

@inproceedings{wu2023private,
    author    = {Wu, Jingfeng and Zhu, Wennan and Kairouz, Peter and Braverman, Vladimir},
    title     = {Private Federated Frequency Estimation: Adapting to the Hardness of the Instance},
    booktitle = {NeurIPS},
    year      = {2023}
}

@inproceedings{li2023fixed,
    author    = {Li, Haoran and Wu, Jingfeng and Braverman, Vladimir},
    title     = {Fixed Design Analysis of Regularization-Based Continual Learning},
    booktitle = {Conference on Lifelong Learning Agents (CoLLAs)},
    year      = {2023},
    author+an = {1=equal; 2=equal}
}

@inproceedings{wu2023finite,
    author    = {Wu, Jingfeng and Zou, Difan and Chen, Zixiang and Braverman, Vladimir and Gu, Quanquan and Kakade, Sham M.},
    title     = {Finite-Sample Analysis of Learning High-Dimensional Single ReLU Neuron},
    booktitle = {ICML},
    year      = {2023},
    author+an = {1=equal; 2=equal; 3=equal}
}

@article{zou2023benign,
    author    = {Zou, Difan and Wu, Jingfeng and Braverman, Vladimir and Gu, Quanquan and Kakade, Sham M.},
    title     = {Benign Overfitting of Constant-Stepsize SGD for Linear Regression},
    journal   = {Journal of Machine Learning Research (JMLR)},
    year      = {2023},
    author+an = {1=equal; 2=equal}
}

@inproceedings{wu2022power,
    author    = {Wu, Jingfeng and Zou, Difan and Braverman, Vladimir and Gu, Quanquan and Kakade, Sham M.},
    title     = {The Power and Limitation of Pretraining-Finetuning for Linear Regression under Covariate Shift},
    booktitle = {NeurIPS},
    year      = {2022},
    author+an = {1=equal; 2=equal}
}

@inproceedings{zou2022risk,
    author    = {Zou, Difan and Wu, Jingfeng and Braverman, Vladimir and Gu, Quanquan and Kakade, Sham M.},
    title     = {Risk Bounds of Multi-Pass SGD for Least Squares in the Interpolation Regime},
    booktitle = {NeurIPS},
    year      = {2022},
    author+an = {1=equal; 2=equal}
}

@inproceedings{wu2022last,
    author    = {Wu, Jingfeng and Zou, Difan and Braverman, Vladimir and Gu, Quanquan and Kakade, Sham M.},
    title     = {Last Iterate Risk Bounds of SGD with Decaying Stepsize for Overparameterized Linear Regression},
    booktitle = {ICML},
    year      = {2022},
    author+an = {1=equal; 2=equal}
}

@inproceedings{wu2022gap,
    author    = {Wu, Jingfeng and Braverman, Vladimir and Yang, Lin F.},
    title     = {Gap-dependent Unsupervised Exploration for Reinforcement Learning},
    booktitle = {International Conference on Artificial Intelligence and Statistics (AISTATS)},
    year      = {2022}
}

@inproceedings{zou2021benefits,
    author    = {Zou, Difan and Wu, Jingfeng and Braverman, Vladimir and Gu, Quanquan and Foster, Dean P. and Kakade, Sham M.},
    title     = {The Benefits of Implicit Regularization from SGD in Least Squares Problems},
    booktitle = {NeurIPS},
    year      = {2021},
    author+an = {1=equal; 2=equal}
}

@inproceedings{wu2021accommodating,
    author    = {Wu, Jingfeng and Braverman, Vladimir and Yang, Lin F.},
    title     = {Accommodating Picky Customers: Regret Bound and Exploration Complexity for Multi-Objective Reinforcement Learning},
    booktitle = {NeurIPS},
    year      = {2021}
}

@inproceedings{li2021lifelong,
    author    = {Li, Haoran and Krishnan, Aditya and Wu, Jingfeng and Kolouri, Soheil and Pilly, Praveen K. and Braverman, Vladimir},
    title     = {Lifelong Learning with Sketched Structural Regularization},
    booktitle = {Asian Conference on Machine Learning (ACML)},
    year      = {2021}
}

@inproceedings{yu2021programmable,
    author    = {Yu, Zhuolong and Hu, Chuheng and Wu, Jingfeng and Sun, Xiao and Braverman, Vladimir and Chowdhury, Mosharaf and Liu, Zhenhua and Jin, Xin},
    title     = {Programmable Packet Scheduling with a Single Queue},
    booktitle = {ACM Special Interest Group on Data Communication (SIGCOMM)},
    year      = {2021}
}

@inproceedings{zou2021benign,
    author    = {Zou, Difan and Wu, Jingfeng and Braverman, Vladimir and Gu, Quanquan and Kakade, Sham M.},
    title     = {Benign Overfitting of Constant-Stepsize SGD for Linear Regression},
    booktitle = {COLT},
    year      = {2021},
    author+an = {1=equal; 2=equal}
}

@inproceedings{wu2021direction,
    author    = {Jingfeng Wu and Difan Zou and Vladimir Braverman and Quanquan Gu},
    title     = {Direction Matters: On the Implicit Bias of Stochastic Gradient Descent with Moderate Learning Rate},
    booktitle = {ICLR},
    year      = {2021}
}

@inproceedings{you2021ship,
    author    = {You, Jie and Wu, Jingfeng and Jin, Xin and Chowdhury, Mosharaf},
    title     = {Ship Compute or Ship Data? Why not Both?},
    booktitle = {USENIX Symposium on Networked Systems Design and Implementation (NSDI)},
    year      = {2021}
}

@inproceedings{yu2021twenty,
    author    = {Yu, Zhuolong and Wu, Jingfeng and Braverman, Vladimir and Stoica, Ion and Jin, Xin},
    title     = {Twenty Years After: Hierarchical Core-Stateless Fair Queueing.},
    booktitle = {NSDI},
    year      = {2021}
}

@inproceedings{wu2020obtaining,
    author    = {Wu, Jingfeng and Braverman, Vladimir and Yang, Lin F},
    title     = {Obtaining Adjustable Regularization for Free via Iterate Averaging},
    booktitle = {ICML},
    year      = {2020}
}

@inproceedings{wu2020noisy,
    author    = {Wu, Jingfeng and Hu, Wenqing and Xiong, Haoyi and Huan, Jun and Braverman, Vladimir and Zhu, Zhanxing},
    title     = {On the Noisy Gradient Descent that Generalizes as SGD},
    booktitle = {ICML},
    year      = {2020}
}

@inproceedings{yu2019tangent,
    author    = {Yu, Bing and Wu, Jingfeng and Ma, Jinwen and Zhu, Zhanxing},
    title     = {Tangent-Normal Adversarial Regularization for Semi-Supervised Learning},
    booktitle = {Conference on Computer Vision and Pattern Recognition (CVPR)},
    year      = {2019},
    author+an = {1=equal; 2=equal}
}

@inproceedings{zhu2019anisotropic,
    author    = {Zhu, Zhanxing and Wu, Jingfeng and Yu, Bing and Wu, Lei and Ma, Jinwen},
    title     = {The Anisotropic Noise in Stochastic Gradient Descent: Its Behavior of Escaping from Sharp Minima and Regularization Effects},
    booktitle = {ICML},
    year      = {2019},
    author+an = {1=equal; 2=equal}
}
